%% This BibTeX bibliography file was created using BibDesk.
%% http://bibdesk.sourceforge.net/

%% Created for Lei Fang at 2018-05-04 15:55:57 +0100 


%% Saved with string encoding Unicode (UTF-8) 


@preamble{"\newcommand{\SortNoop}[1]{}"}



@book{wasserman2013all,
	Author = {Wasserman, Larry},
	Date-Added = {2018-05-04 14:55:53 +0000},
	Date-Modified = {2018-05-04 14:55:53 +0000},
	Publisher = {Springer Science \& Business Media},
	Title = {All of statistics: a concise course in statistical inference},
	Year = {2013}}

@article{Hastie_2009,
	Author = {Hastie, Trevor and Tibshirani, Robert and Friedman, Jerome},
	Date-Added = {2018-05-04 13:50:42 +0000},
	Date-Modified = {2018-05-04 13:50:42 +0000},
	Doi = {10.1007/978-0-387-84858-7},
	Isbn = {9780387848587},
	Issn = {2197-568X},
	Journal = {Springer Series in Statistics},
	Publisher = {Springer New York},
	Title = {The Elements of Statistical Learning},
	Url = {http://dx.doi.org/10.1007/978-0-387-84858-7},
	Year = {2009},
	Bdsk-Url-1 = {http://dx.doi.org/10.1007/978-0-387-84858-7}}

@book{friedman2001elements,
	Author = {Friedman, Jerome and Hastie, Trevor and Tibshirani, Robert},
	Date-Added = {2018-05-03 11:57:16 +0000},
	Date-Modified = {2018-05-03 11:57:16 +0000},
	Publisher = {Springer series in statistics New York},
	Title = {The elements of statistical learning},
	Volume = {1},
	Year = {2001}}

@book{ross2014introduction,
	Author = {Ross, Sheldon M},
	Date-Added = {2017-03-25 19:34:14 +0000},
	Date-Modified = {2017-03-25 19:34:14 +0000},
	Publisher = {Academic press},
	Title = {Introduction to probability models},
	Year = {2014}}

@inproceedings{GHZ,
	Author = {D.{\,}M. Greenberger and M.{\,}A. Horne and A. Zeilinger},
	Booktitle = {Bell's Theorem, Quantum Theory and Conceptions of the Universe},
	Editor = {M. Kafatos},
	Pages = {69-72},
	Publisher = {Kluwer Academic Publishers},
	Title = {Going beyond {B}ell's Theorem},
	Year = {1989}}

@article{Bell,
	Author = {J.{{\,}}S. Bell},
	Journal = {Physics},
	Number = {3},
	Pages = {195-200},
	Title = {On the {E}instein {P}odolsky {R}osen Paradox},
	Volume = {1},
	Year = {1964}}

@article{EPR35,
	Author = {A. Einstein and B. Podolsky and N. Rosen},
	Journal = {Physical Review},
	Pages = {777-780},
	Title = {Can quantum-mechanical description of physical reality be considered complete?},
	Volume = {47},
	Year = {1935}}

@book{Boojums,
	Author = {N.{\,}D. Mermin},
	Publisher = {Cambridge University Press},
	Title = {Boojums all the way through},
	Year = {1990}}
